



@article{ Bovdi_Szakacs_I,
  author =           {Bovdi, A. and Sakach, A.},
  title =            {Unitary subgroup of the multiplicative group of a modular group algebra of a finite abelian \$p\$-group},
  journal =          {Math. Zametki},
  number =           {45(6)},
  year =             {1989},
  pages =            {23--29},
  printedkey =       {BS89}
}
@article{ Bovdi_Rosa_I,
  author =           {Bovdi, V. and Rosa, A.},
  title =            {On the order of the unitary subgroup of a modular group algebra},
  journal =          {Comm. Algebra},
  number =           {28(4)},
  year =             {2000},
  pages =            {1897--1905},
  printedkey =       {BR00}
}
@article{ Bovdi_Kovacs_I,
  author =           {Bovdi, V. and Kov\texttt{\symbol{92}}'acs, L.},
  title =            {Unitary units in modular group algebras},
  journal =          {Manuscripta Math.},
  number =           {84},
  year =             {1994},
  pages =            {57--72},
  printedkey =       {BK94}
}
@article{ Balogh_Creedon_Gildea,
  author =           {Balogh, Z. and Creedon, L. and Gildea, J.},
  title =            {Involutions and Unitary Subgroups in Group Algebras},
  journal =          {Acta Scientiarum Mathematicarum},
  number =           {79(3-4)},
  year =             {2013},
  pages =            {391--400},
  printedkey =       {BCG13}
}
@article{ Bovdi_Erdei_II,
  author =           {Bovdi, A. and Erdei, L.},
  title =            {Unitary units in modular group algebras of groups of order 16},
  journal =          {Technical Reports, Universitas Debrecen, Dept. of Math., L. Kossuth Univ.},
  volume =           {4},
  number =           {157},
  year =             {1996},
  pages =            {1--16},
  printedkey =       {BE96}
}
@article{ Bovdi_Erdei_I,
  author =           {Bovdi, A. and Erdei, L.},
  title =            {Unitary units in modular group algebras of \$2\$-groups},
  journal =          {Comm. Algebra},
  number =           {28(2)},
  year =             {2000},
  pages =            {625--630},
  printedkey =       {BE00}
}
@article{ Creedon_Gildea_I,
  author =           {Creedon, L. and Gildea, J.},
  title =            {Unitary units of the group algebra \$F{\textunderscore}\texttt{\symbol{123}}2\texttt{\symbol{94}}k\texttt{\symbol{125}}Q{\textunderscore}8\$},
  journal =          {Int. J. Algebra Comput.},
  number =           {19(2)},
  year =             {2009},
  pages =            {283--286},
  printedkey =       {CG09}
}
@article{ Creedon_Gildea_II,
  author =           {Creedon, L. and Gildea, J.},
  title =            {The structure of the unit group of the group algebra \$F{\textunderscore}\texttt{\symbol{123}}2\texttt{\symbol{94}}k\texttt{\symbol{125}}D{\textunderscore}8\$},
  journal =          {Canad. Math. Bull.},
  number =           {54(2)},
  year =             {2011},
  pages =            {237--243},
  printedkey =       {CG11}
}
@article{ Gildea_I,
  author =           {Gildea, J.},
  title =            {Units of Group Algebras of Non-Abelian Groups of Order \$16\$ and Exponent \$4\$ over \$F{\textunderscore}\texttt{\symbol{123}}2\texttt{\symbol{94}}k\texttt{\symbol{125}}\$},
  journal =          {Results. Math.},
  volume =           {61},
  number =           {3},
  year =             {2012},
  pages =            {245--254},
  printedkey =       {Gil12}
}
@article{ baginski,
  author =           {Bagi\texttt{\symbol{92}}'nskih, C.},
  title =            {A note on the derived length of the unit group of a modular group algebra},
  journal =          {Comm. Algebra},
  volume =           {30},
  number =           {10},
  year =             {2002},
  pages =            {4905--4913},
  printedkey =       {Bag02}
}
@article{ baljuh,
  author =           {Balogh, Z. and Juh\texttt{\symbol{92}}'asz, T.},
  title =            {Lie derived lengths of group algebras of groups with cyclic derived subgroup},
  journal =          {Comm. Algebra},
  volume =           {36},
  number =           {2},
  year =             {2008},
  pages =            {315--324},
  printedkey =       {BJ08}
}
@article{ shalev,
  author =           {Bovdi, A. and Khripta, I.},
  title =            {Group algebras of periodic groups with solvable multiplicative group},
  journal =          {Mat. Zametki},
  volume =           {22},
  number =           {3},
  year =             {1977},
  pages =            {421--432},
  printedkey =       {BK77}
}
@article{ shalev,
  author =           {Shalev, A.},
  title =            {Meta-abelian unit groups of group algebras are usually abelian},
  journal =          {J. Pure and Appl. Algebra},
  volume =           {72},
  year =             {1991},
  pages =            {295--302},
  printedkey =       {Sha91}
}
@article{ S1,
  author =           {Shalev, A.},
  title =            {The derived length of Lie soluble group rings I},
  journal =          {Pure and Appl. Algebra},
  volume =           {51},
  year =             {1992},
  pages =            {291--300},
  printedkey =       {Sha92}
}
@article{ S2,
  author =           {Shalev, A.},
  title =            {The derived length of Lie soluble group rings II},
  journal =          {London Math. Soc.},
  volume =           {49},
  year =             {1994},
  pages =            {93--99},
  printedkey =       {Sha94}
}
@article{ bj,
  author =           {Balogh, Z. and Juh\texttt{\symbol{92}}'asz, T.},
  title =            {Derived lengths of symmetric and skew symmetric elements in group algebras},
  journal =          {JP J. Algebra Number Theory Appl.},
  number =           {12(2)},
  year =             {2008},
  pages =            {191--203},
  printedkey =       {BJ08}
}
@article{ JR1,
  author =           {Jespers, E. and Ruiz Mar\texttt{\symbol{92}}'in, M.},
  title =            {On symmetric elements and symmetric units in group rings},
  journal =          {Comm. Algebra},
  number =           {34},
  year =             {2006},
  pages =            {727--726},
  printedkey =       {JM06}
}
@article{ JR2,
  author =           {Jespers, E. and Ruiz Mar\texttt{\symbol{92}}'in, M.},
  title =            {Antisymmetric elements in group rings},
  journal =          {J. Algebra Appl.},
  number =           {4(4)},
  year =             {2005},
  pages =            {341--353},
  printedkey =       {JM05}
}
@article{ lee1,
  author =           {Lee, G. and Sehgal, S. and Spinelli, E.},
  title =            {Group algebras whose symmetric and skew elements are Lie solvable},
  journal =          {Forum Math.},
  number =           {21(4)},
  year =             {2009},
  pages =            {661--671},
  printedkey =       {LSS09}
}
@book{ Lbook,
  author =           {Lee, G.},
  title =            {Group identities on units and symmetric units of group rings},
  publisher =        {Springer-Verlag London, Ltd., London},
  number =           {25},
  year =             {1973},
  pages =            {748--757},
  XMLCOMMENT =       {<series>Algebra and Applications, 12</series>},
  printedkey =       {Lee73}
}
@article{ PPS,
  author =           {Passi, I. and Passman, D. and Seghal, S.},
  title =            {Lie solvable group rings},
  journal =          {Canad. J. Math.},
  number =           {25},
  year =             {1973},
  pages =            {748--757},
  printedkey =       {PPS73}
}
@article{ shalev,
  author =           {Shalev, A.},
  title =            {The derived length of Lie soluble group rings I},
  journal =          {J. Pure Appl. Algebra},
  number =           {78(3)},
  year =             {1992},
  pages =            {291--300},
  printedkey =       {Sha92}
}
@article{ kurdics,
  author =           {Kudrics, J.},
  title =            {On group algebras with metabelian unit groups},
  journal =          {Periodica Mathematica Hungarica},
  number =           {32},
  year =             {1996},
  pages =            {57--64},
  printedkey =       {Kud96}
}
@article{ Bovdi_Rozgonyi,
  author =           {Bovdi, V. and Rozgonyi, T.},
  title =            {Unitary units in modular group algebras},
  journal =          {Acta. Academ. Paedagogicae Nyiregyh\texttt{\symbol{92}}'\texttt{\symbol{123}}a\texttt{\symbol{125}}za},
  volume =           {84},
  number =           {1},
  year =             {1994},
  pages =            {57--72},
  printedkey =       {BR94}
}
@article{ Bovdi_Szakacs_II,
  author =           {Bovdi, A. and Szak\texttt{\symbol{92}}'\texttt{\symbol{123}}a\texttt{\symbol{125}}cs, A.},
  title =            {A basis for the unitary subgroup of the group of units in a finite commutative group algebra},
  journal =          {Publicationes Mathematicae Debrecen},
  volume =           {46},
  number =           {1-2},
  year =             {1995},
  pages =            {97--120},
  printedkey =       {BS95}
}
@article{ Bovdi_Unitarity,
  author =           {Bovdi, A.},
  title =            {Unitarity of the multiplicative group of an integral group ring},
  journal =          {Mat. Sb. (N.S.)},
  volume =           {119(161)},
  year =             {1982},
  pages =            {387--400, 448},
  printedkey =       {Bov82}
}
