% Thelma bibliography

@article{McCulloch43a,
  author = {Mcculloch, Warren and Pitts, Walter},
  title = {A Logical Calculus of Ideas Immanent in Nervous Activity},
  journal = {Bulletin of Mathematical Biophysics},
  pages = {127--147},
  volume = 5,
  year = 1943
}

@ARTICLE{Rosenblatt58,
    author = {F. Rosenblatt},
    title = {The Perceptron: A Probabilistic Model for Information Storage and Organization in The Brain},
    journal = {Psychological Review},
    year = {1958},
    pages = {65--386}
}

@article{Littlestone88,
 author = {Littlestone, N.},
 title = {Learning Quickly When Irrelevant Attributes Abound: A New Linear-Threshold Algorithm},
 journal = {Mach. Learn.},
 issue_date = {April 1988},
 volume = {2},
 number = {4},
 month = apr,
 year = {1988},
 issn = {0885-6125},
 pages = {285--318},
 numpages = {34},
 url = {https://doi.org/10.1023/A:1022869011914},
 doi = {10.1023/A:1022869011914},
 acmid = {639994},
 publisher = {Kluwer Academic Publishers},
 address = {Hingham, MA, USA},
 keywords = {Learning from examples, incremental learning, learning Boolean functions, linear-threshold algorithms, mistake bounds, prediction},
}


@article{GecheBovdi80,
author = {Aizenberg, N. and Bovdi, A. and Gergo, E.  and Geche, F.},
year = {1980},
month = {03},
pages = {188-193},
title = {Algebraic aspects of threshold logic},
volume = {16},
journal = {Cybernetics}
}

@article{GecheRobotyshyn83,
AUTHOR = {Geche, F. E. and Polivko, V. P. and Robotishin, V. I.},
TITLE = {Realization of {B}oolean functions using threshold elements},
JOURNAL = {Kibernetika (Kiev)},
YEAR = {1983},
NUMBER = {6},
PAGES = {62--67},
ISSN = {0023-1274},
MRCLASS = {94C10},
MRNUMBER = {765124},
MRREVIEWER = {A. J. Tosser},
DOI = {10.1007/BF01068571},
URL = {https://doi.org/10.1007/BF01068571},
}

@article{GecheMulesa2017,
author = {Geche, F. and Mulesa, O. and Buchok, V.},
year = {2017},
month = {01},
pages = {30-40},
title = {Verification of realizability of boolean functions by a neural element with a threshold activation function},
journal = {Eastern European Journal of Enterprise Technologies},
volume = {1},
DOI = {10.15587/1729-4061.2017.90917},
URL = {https://doi.org/10.15587/1729-4061.2017.90917}
}

@book{Geche2010,
place={Uzhhorod, Ukraine},
title={Analysis of Discrete Functions and Logical Schemes Synthesis in Neurobasis (in Ukrainian)},
publisher={Uzhhorod National University},
author={Geche, F.},
year={2010}}

@book{Dertouzos65,
  title={Threshold Logic: A Synthesis Approach},
  author={Dertouzos, M.L.},
  isbn={9780262040099},
  lccn={65022248},
  series={M.I.T. Press research monographs},
  url={https://books.google.ae/books?id=u2ZqQgAACAAJ},
  year={1965},
  publisher={M.I.T. Press}
}

@inbook{Avedillo1999,
author = {Avedillo, M. J., and Quintana, J. M., and Rueda, A.},
publisher = {American Cancer Society},
isbn = {9780471346081},
title = {Threshold Logic},
booktitle = {Wiley Encyclopedia of Electrical and Electronics Engineering},
chapter = {},
pages = {178-190},
doi = {10.1002/047134608X.W2290},
url = {https://onlinelibrary.wiley.com/doi/abs/10.1002/047134608X.W2290},
eprint = {https://onlinelibrary.wiley.com/doi/pdf/10.1002/047134608X.W2290},
year = {1999}
}

@article{Horvath16,
author = {Horv{\'a}th, E., and Seselja, B., and Tepavcevic, A.},
year = {2016},
month = {01},
pages = {293-304},
title = {A note on lattice variant of thresholdness of Boolean functions},
volume = {17},
journal = {Miskolc Mathematical Notes}
}

@ARTICLE{Gowda11,
author={Gowda,T. and Vrudhula, S. and Kulkarni, N. and Berezowski, K.},
journal={IEEE Transactions on Computer-Aided Design of Integrated Circuits and Systems},
title={Identification of Threshold Functions and Synthesis of Threshold Networks},
year={2011},
volume={30},
number={5},
pages={665-677},
keywords={Boolean functions;benchmark testing;circuit testing;network synthesis;trees (electrical);Boolean function;MCNC benchmark circuits;binary decision diagram;heuristic procedure;max literal factor tree;threshold functions;threshold gate networks synthesis;threshold identification;threshold networks;Boolean functions;CMOS integrated circuits;Data structures;Dictionaries;Logic gates;Partitioning algorithms;Binary decision diagrams;Boolean algebra;Boolean function;logic design;logic optimization;logic synthesis;threshold function;threshold logic},
doi={10.1109/TCAD.2010.2100232},
ISSN={0278-0070},
month={May}}

@ARTICLE{Kulkarni16,
author={Kulkarni, N., and Yang, J., and Seo, J. S., and Vrudhula, S.,},
journal={IEEE Transactions on Very Large Scale Integration (VLSI) Systems},
title={Reducing Power, Leakage, and Area of Standard-Cell ASICs Using Threshold Logic Flip-Flops},
year={2016},
volume={24},
number={9},
pages={2873-2886},
keywords={application specific integrated circuits;flip-flops;logic design;threshold logic;TLGs;application-specified integrated circuits;complex threshold functions;dynamic power reduction;hybrid circuits;leakage reduction;logic netlist;multiinput single-output edge-triggered flip-flop;multilevel network;robust standard-cell library;standard-cell ASIC area reduction;standard-cell design flow;threshold logic flip-flops;threshold logic gate design;Clocks;Computer architecture;Delays;Libraries;Logic gates;Robustness;Transistors;Logic decomposition;low power (LP);technology mapping;threshold logic},
doi={10.1109/TVLSI.2016.2527783},
ISSN={1063-8210},
month={September}}


@INPROCEEDINGS{Franco2006,
author={Franco, L., and Subirats, J. L., and Anthony, M., and Jerez, J. M.},
booktitle={The 2006 IEEE International Joint Conference on Neural Network Proceedings},
title={A New Constructive Approach for Creating All Linearly Separable (Threshold) Functions},
year={2006},
pages={4791-4796},
keywords={functional analysis;constructive approach;linear separability;linearly separable function;numerical simulation;theorem simulation;threshold function;Boolean functions;Circuits;Computer networks;Feedforward systems;Silicon compounds;Testing;Very large scale integration;Video recording},
doi={10.1109/IJCNN.2006.247155},
ISSN={2161-4393},
month={},}

@ARTICLE{Subirats2008,
author={Subirats, J. L., and  Jerez, J. M., and Franco, L. },
journal={IEEE Transactions on Circuits and Systems I: Regular Papers},
title={A New Decomposition Algorithm for Threshold Synthesis and Generalization of Boolean Functions},
year={2008},
volume={55},
number={10},
pages={3188-3196},
keywords={Boolean functions;circuit complexity;network analysis;Boolean function;circuit complexity;decomposition algorithm;logic synthesis;threshold networks;threshold synthesis;Circuit complexity;circuit complexity;generalization;linear separability;logic synthesis;threshold networks},
doi={10.1109/TCSI.2008.923432},
ISSN={1549-8328},
month={Nov},}

@article{Horvath1994,
author = {E. K. Horv{\'a}th},
title = {Invariance groups of threshold functions},
journal = {Acta Cybernetica},
year = {1994},
volume = {11},
pages = {325--332},
number = {4}
}
